
@online{noauthor_teengamb_nodate,
	title = {teengamb function - {RDocumentation}},
	url = {https://www.rdocumentation.org/packages/faraway/versions/1.0.7/topics/teengamb},
	urldate = {2022-02-13},
	file = {teengamb function - RDocumentation:/Users/rickeyhuang/Zotero/storage/T8EMYQRY/teengamb.html:text/html},
}